@book{CameronTrivedi2013,
  author    = {A. Colin Cameron and Pravin K. Trivedi},
  title     = {Regression Analysis of Count Data},
  year      = {2013},
  edition   = {2nd},
  publisher = {Cambridge University Press},
  address   = {Cambridge},
  doi       = {10.1017/CBO9781139013567}
}
@book{cohen2003applied,
  title     = {Applied multiple regression/correlation analysis for the behavioral sciences},
  author    = {Cohen, Jacob and Cohen, Patricia and West, Stephen G and Aiken, Leona S},
  year      = {2003},
  edition   = {3rd},
  publisher = {Lawrence Erlbaum Associates}
}