@Manual{R-base,
  title = {R: A Language and Environment for Statistical Computing},
  author = {{R Core Team}},
  organization = {R Foundation for Statistical Computing},
  address = {Vienna, Austria},
  year = {2022},
  url = {https://www.R-project.org/},
}
@Manual{R-papaja,
  title = {{papaja}: {Prepare} reproducible {APA} journal articles with {R Markdown}},
  author = {Frederik Aust and Marius Barth},
  year = {2022},
  note = {R package version 0.1.1},
  url = {https://github.com/crsh/papaja},
}
@Manual{R-tinylabels,
  title = {{tinylabels}: Lightweight Variable Labels},
  author = {Marius Barth},
  year = {2022},
  note = {R package version 0.2.3},
  url = {https://cran.r-project.org/package=tinylabels},
}
@Manual{R-data.table,
  title = {data.table: Extension of `data.frame`},
  author = {Matt Dowle and Arun Srinivasan},
  year = {2022},
  note = {R package version 1.14.6},
  url = {https://CRAN.R-project.org/package=data.table},
}
@Manual{R-dplyr,
  title = {dplyr: A Grammar of Data Manipulation},
  author = {Hadley Wickham and Romain François and Lionel Henry and Kirill Müller and Davis Vaughan},
  year = {2023},
  note = {R package version 1.1.0},
  url = {https://CRAN.R-project.org/package=dplyr},
}
@Manual{R-forcats,
  title = {forcats: Tools for Working with Categorical Variables (Factors)},
  author = {Hadley Wickham},
  year = {2023},
  note = {R package version 1.0.0},
  url = {https://CRAN.R-project.org/package=forcats},
}
@Book{R-ggplot2,
  author = {Hadley Wickham},
  title = {ggplot2: Elegant Graphics for Data Analysis},
  publisher = {Springer-Verlag New York},
  year = {2016},
  isbn = {978-3-319-24277-4},
  url = {https://ggplot2.tidyverse.org},
}
@Article{R-jsonlite,
  title = {The jsonlite Package: A Practical and Consistent Mapping Between JSON Data and R Objects},
  author = {Jeroen Ooms},
  journal = {arXiv:1403.2805 [stat.CO]},
  year = {2014},
  url = {https://arxiv.org/abs/1403.2805},
}
@Manual{R-purrr,
  title = {purrr: Functional Programming Tools},
  author = {Hadley Wickham and Lionel Henry},
  year = {2023},
  note = {R package version 1.0.1},
  url = {https://CRAN.R-project.org/package=purrr},
}
@Manual{R-readr,
  title = {readr: Read Rectangular Text Data},
  author = {Hadley Wickham and Jim Hester and Jennifer Bryan},
  year = {2023},
  note = {R package version 2.1.4},
  url = {https://CRAN.R-project.org/package=readr},
}
@Manual{R-stringr,
  title = {stringr: Simple, Consistent Wrappers for Common String Operations},
  author = {Hadley Wickham},
  year = {2022},
  note = {R package version 1.5.0},
  url = {https://CRAN.R-project.org/package=stringr},
}
@Manual{R-tibble,
  title = {tibble: Simple Data Frames},
  author = {Kirill Müller and Hadley Wickham},
  year = {2022},
  note = {R package version 3.1.8},
  url = {https://CRAN.R-project.org/package=tibble},
}
@Manual{R-tidyr,
  title = {tidyr: Tidy Messy Data},
  author = {Hadley Wickham and Davis Vaughan and Maximilian Girlich},
  year = {2023},
  note = {R package version 1.3.0},
  url = {https://CRAN.R-project.org/package=tidyr},
}
@Article{R-tidyverse,
  title = {Welcome to the {tidyverse}},
  author = {Hadley Wickham and Mara Averick and Jennifer Bryan and Winston Chang and Lucy D'Agostino McGowan and Romain François and Garrett Grolemund and Alex Hayes and Lionel Henry and Jim Hester and Max Kuhn and Thomas Lin Pedersen and Evan Miller and Stephan Milton Bache and Kirill Müller and Jeroen Ooms and David Robinson and Dana Paige Seidel and Vitalie Spinu and Kohske Takahashi and Davis Vaughan and Claus Wilke and Kara Woo and Hiroaki Yutani},
  year = {2019},
  journal = {Journal of Open Source Software},
  volume = {4},
  number = {43},
  pages = {1686},
  doi = {10.21105/joss.01686},
}
@Manual{R-xtable,
  title = {xtable: Export Tables to LaTeX or HTML},
  author = {David B. Dahl and David Scott and Charles Roosen and Arni Magnusson and Jonathan Swinton},
  year = {2019},
  note = {R package version 1.8-4},
  url = {https://CRAN.R-project.org/package=xtable},
}
@Article{R-lubridate,
  title = {Dates and Times Made Easy with {lubridate}},
  author = {Garrett Grolemund and Hadley Wickham},
  journal = {Journal of Statistical Software},
  year = {2011},
  volume = {40},
  number = {3},
  pages = {1--25},
  url = {https://www.jstatsoft.org/v40/i03/},
}
